@article{Kitano2007,
    author = {Kitano, Hiroaki},
    day = {18},
    doi = {10.1038/msb4100179},
    issn = {1744-4292},
    journal = {Molecular Systems Biology},
    keywords = {robustness},
    month = sep,
    number = {1},
    publisher = {Nature Publishing Group},
    title = {{Towards a theory of biological robustness}},
    url = {http://dx.doi.org/10.1038/msb4100179},
    volume = {3},
    year = {2007}
}
@article{Fainekos2009,
 author = {Fainekos, Georgios E. and Pappas, George J.},
 title = {Robustness of temporal logic specifications for continuous-time signals},
 journal = {Theoretical Computer Science},
 issue_date = {September, 2009},
 volume = {410},
 number = {42},
 month = sep,
 year = {2009},
 issn = {0304-3975},
 pages = {4262--4291},
 numpages = {30},
 url = {http://dx.doi.org/10.1016/j.tcs.2009.06.021},
 doi = {10.1016/j.tcs.2009.06.021},
 acmid = {1609591},
 publisher = {Elsevier Science Publishers Ltd.},
 address = {Essex, UK},
 keywords = {Linear and metric temporal logic, Metric spaces, Robustness, Testing}
}
@inproceedings{Maler2006,
 author = {Maler, Oded and Nickovic, Dejan and Pnueli, Amir},
 title = {From MITL to timed automata},
 booktitle = {Proceedings of the 4th international conference on Formal Modeling and Analysis of Timed Systems},
 series = {FORMATS'06},
 year = {2006},
 isbn = {3-540-45026-2, 978-3-540-45026-9},
 location = {Paris, France},
 pages = {274--289},
 numpages = {16},
 url = {http://dx.doi.org/10.1007/11867340_20},
 doi = {10.1007/11867340_20},
 acmid = {2111597},
 publisher = {Springer-Verlag},
 address = {Berlin, Heidelberg},
} 
@inproceedings{Donze2010a,
 author = {Donz{\'e}, Alexandre and Maler, Oded},
 title = {Robust satisfaction of temporal logic over real-valued signals},
 booktitle = {Proceedings of the 8th international conference on Formal modeling and analysis of timed systems},
 series = {FORMATS'10},
 year = {2010},
 isbn = {3-642-15296-1, 978-3-642-15296-2},
 location = {Klosterneuburg, Austria},
 pages = {92--106},
 numpages = {15},
 url = {http://dl.acm.org/citation.cfm?id=1885174.1885183},
 acmid = {1885183},
 publisher = {Springer-Verlag},
 address = {Berlin, Heidelberg},
}
@inproceedings{Donze2007,
 author = {Donz{\'e}, Alexandre and Maler, Oded},
 title = {Systematic simulation using sensitivity analysis},
 booktitle = {Proceedings of the 10th international conference on Hybrid systems: computation and control},
 series = {HSCC'07},
 year = {2007},
 isbn = {978-3-540-71492-7},
 location = {Pisa, Italy},
 pages = {174--189},
 numpages = {16},
 url = {http://dl.acm.org/citation.cfm?id=1760804.1760822},
 acmid = {1760822},
 publisher = {Springer-Verlag},
 address = {Berlin, Heidelberg},
}

@inproceedings{Donze2010b,
 author = {Donz{\'e}, Alexandre},
 title = {Breach, a toolbox for verification and parameter synthesis of hybrid systems},
 booktitle = {Proceedings of the 22nd international conference on Computer Aided Verification},
 series = {CAV'10},
 year = {2010},
 isbn = {3-642-14294-X, 978-3-642-14294-9},
 location = {Edinburgh, UK},
 pages = {167--170},
 numpages = {4},
 url = {http://dx.doi.org/10.1007/978-3-642-14295-6_17},
 doi = {10.1007/978-3-642-14295-6_17},
 acmid = {2144332},
 publisher = {Springer-Verlag},
 address = {Berlin, Heidelberg},
} 
@inproceedings{Rizk2008,
 author = {Rizk, Aur{\'e}lien and Batt, Gr{\'e}gory and Fages, Fran\c{c}ois and Soliman, Sylvain},
 title = {On a Continuous Degree of Satisfaction of Temporal Logic Formulae with Applications to Systems Biology},
 booktitle = {Proceedings of the 6th International Conference on Computational Methods in Systems Biology},
 series = {CMSB '08},
 year = {2008},
 isbn = {978-3-540-88561-0},
 location = {Rostock, Germany},
 pages = {251--268},
 numpages = {18},
 url = {http://dx.doi.org/10.1007/978-3-540-88562-7_19},
 doi = {10.1007/978-3-540-88562-7_19},
 acmid = {1462563},
 publisher = {Springer-Verlag},
 address = {Berlin, Heidelberg},
}
@Inproceedings{Dluhos2012,
  author    = "Dluho\v{s}, Petr and Brim, Lubo\v{s} and \v{S}afr\'anek, David",
  year      = "2012",
  title     = "On Expressing and Monitoring Oscillatory Dynamics",
  editor    = "Bartocci, Ezio and Bortolussi, Luca",
  booktitle = "{\rm Proceedings First International Workshop on}
               Hybrid Systems and Biology,
               {\rm Newcastle Upon Tyne, 3rd September 2012}",
  series    = "Electronic Proceedings in Theoretical Computer Science",
  volume    = "92",
  publisher = "Open Publishing Association",
  pages     = "73-87",
  doi       = "10.4204/EPTCS.92.6",
}
SBML
@article{Hucka2003,
  title={The systems biology markup language (SBML): a medium for representation and exchange of biochemical network models},
  author={Hucka, M. and Finney, A. and Sauro, H.M. and Bolouri, H. and Doyle, J.C. and Kitano, H. and Arkin, A.P. and Bornstein, B.J. and Bray, D. and Cornish-Bowden, A. and others},
  journal={Bioinformatics},
  volume={19},
  number={4},
  pages={524--531},
  year={2003},
  publisher={Oxford Univ Press}
}
JSBML
@article{Drager2011,
  title={JSBML: a flexible Java library for working with SBML},
  author={Dr{\"a}ger, A. and Rodriguez, N. and Dumousseau, M. and D{\"o}rr, A. and Wrzodek, C. and Le Nov{\`e}re, N. and Zell, A. and Hucka, M.},
  journal={Bioinformatics},
  volume={27},
  number={15},
  pages={2167--2168},
  year={2011},
  publisher={Oxford Univ Press}
}
-----------------------------------------------------------------
- Models
-----------------------------------------------------------------
Band2012_DII-Venus_FullModel
@article{Band2012,
  title={Root gravitropism is regulated by a transient lateral auxin gradient controlled by a tipping-point mechanism},
  author={Band, L.R. and Wells, D.M. and Larrieu, A. and Sun, J. and Middleton, A.M. and French, A.P. and Brunoud, G. and Sato, E.M. and Wilson, M.H. and P{\'e}ret, B. and others},
  journal={Proceedings of the National Academy of Sciences},
  volume={109},
  number={12},
  pages={4668--4673},
  year={2012},
  publisher={National Acad Sciences}
}
lorenz84
@article{Lorenz2010,
  title={Irregularity: a fundamental property of the atmosphere*},
  author={Lorenz, E.N.},
  journal={Tellus A},
  volume={36},
  number={2},
  pages={98--110},
  year={2010},
  publisher={Wiley Online Library}
}
angiogenesis
@article{Karagiannis2004,
  title={A theoretical model of type I collagen proteolysis by matrix metalloproteinase (MMP) 2 and membrane type 1 MMP in the presence of tissue inhibitor of metalloproteinase 2},
  author={Karagiannis, E.D. and Popel, A.S.},
  journal={Journal of Biological Chemistry},
  volume={279},
  number={37},
  pages={39105--39114},
  year={2004},
  publisher={ASBMB}
}
Lotka-Volterra
@article{Lotka1925,
	author = {Lotka, Alfred James},
	title = {{Elements of Physical Biology}},
	journal = {Nature},
	volume = {116},
	year = {1925},
	pages = {461--461},
	issue = {2917},
	doi = {10.1038/116461b0},
	masid = {1977424}
}
@book{Volterra1926,
    author = {Volterra, Vito},
    keywords = {ecology, odes},
    series = {Memoria / R. comitato talassografico italiano, no. 131},
    title = {{Variazioni e fluttuazioni del numero d'individui in specie animali conviventi}},
    url = {http://www.worldcat.org/oclc/191981802},
    year = {1927}
}
SIR
@article{Kermack1927,
    author = {Kermack, W. O. and McKendrick, Ag},
    journal = {Proceedings of the Royal Society of London. Series A, Containing Papers of a Mathematical and Physical Character},
    keywords = {deterministic\_model, epidemiology, infectious\_diseases, kermack, math},
    month = aug,
    number = {772},
    pages = {700--721},
    title = {{A Contribution to the Mathematical Theory of Epidemics}},
    volume = {115},
    year = {1927}
}
SIR with vital dynamics
@article{Kermack1933,
    author = {Kermack, W. O. and McKendrick, Ag},
    journal = {Proceedings of the Royal Society of London. Series A, Containing Papers of a Mathematical and Physical Character},
    keywords = {deterministic\_model, epidemiology, infectious\_diseases, kermack, math},
    month = jul,
    number = {843},
    pages = {94--121},
    title = {{Contributions to the Mathematical Theory of Epidemics. III. Further Studies of the Problem of Endemicity}},
    volume = {141},
    year = {1933}
}
